<?xml version="1.0" encoding="UTF-8"?><collection xmlns="http://www.loc.gov/MARC21/slim"><record><leader>00538nam--2200181-i-4500</leader><controlfield tag="001">000034172</controlfield><controlfield tag="002">20161230</controlfield><controlfield tag="005">20161230201039</controlfield><controlfield tag="008">060222s1000------------r-----000-0-eng-d</controlfield><datafield ind1=" " ind2=" " tag="040"><subfield code="a">IFIN-HH</subfield></datafield><datafield ind1=" " ind2=" " tag="080"><subfield code="a">539.12.08:539.1.07</subfield></datafield><datafield ind1="1" ind2=" " tag="100"><subfield code="a">Lennart, U</subfield></datafield><datafield ind1="1" ind2="0" tag="245"><subfield code="a">Microdosimetry measurements in beams of high energy electrons and photons</subfield><subfield code="c">U. lennart, r. lindborg</subfield></datafield><datafield ind1=" " ind2=" " tag="260"><subfield code="a">Stocholm</subfield><subfield code="b">Institute Of Radiation Physics</subfield><subfield code="c">1975</subfield></datafield><datafield ind1=" " ind2=" " tag="300"><subfield code="a">32P</subfield></datafield><datafield ind1="1" ind2=" " tag="700"><subfield code="a">Lindborg, R</subfield></datafield><datafield ind1=" " ind2=" " tag="852"><subfield code="a">43665</subfield><subfield code="c">53.1.07539.1.08</subfield></datafield><datafield ind1=" " ind2=" " tag="CAT"><subfield code="a">Sys</subfield><subfield code="c">20130411</subfield><subfield code="h">171202</subfield></datafield></record></collection>